@misc{gym,
  title = {gym-library},
  howpublished = {\url{https://www.gymlibrary.ml/}},
  note = {Accessed: 2022-05-31}
}

@misc{vizdoom,
  title = {ViZDoom},
  howpublished = {\url{https://github.com/mwydmuch/ViZDoom}},
  note = {Accessed: 2022-05-31}
}

@misc{zdoom,
  title = {ZDoom},
  howpublished = {\url{https://github.com/rheit/zdoom}},
  note = {Accessed: 2022-05-31}
}

@misc{vanhasselt2015deep,
  title={Deep Reinforcement Learning with Double Q-learning}, 
  author={Hado van Hasselt and Arthur Guez and David Silver},
  year={2015},
  eprint={1509.06461},
  archivePrefix={arXiv},
  primaryClass={cs.LG}
}

@misc{wydmuch,
  doi = {10.48550/ARXIV.1809.03470},
  
  url = {https://arxiv.org/abs/1809.03470},
  
  author = {Wydmuch, Marek and Kempka, Michał and Jaśkowski, Wojciech},
  
  keywords = {Artificial Intelligence (cs.AI), Computer Vision and Pattern Recognition (cs.CV), Machine Learning (cs.LG), Machine Learning (stat.ML), FOS: Computer and information sciences, FOS: Computer and information sciences},
  
  title = {ViZDoom Competitions: Playing Doom from Pixels},
  
  publisher = {arXiv},
  
  year = {2018},
  
  copyright = {arXiv.org perpetual, non-exclusive license}
}

@article{kempka,
  doi = {10.48550/ARXIV.1605.02097},
  
  url = {https://arxiv.org/abs/1605.02097},
  
  author = {Kempka, Michał and Wydmuch, Marek and Runc, Grzegorz and Toczek, Jakub and Jaśkowski, Wojciech},
  
  keywords = {Machine Learning (cs.LG), Artificial Intelligence (cs.AI), Computer Vision and Pattern Recognition (cs.CV), FOS: Computer and information sciences, FOS: Computer and information sciences},
  
  title = {ViZDoom: A Doom-based AI Research Platform for Visual Reinforcement Learning},
  
  publisher = {arXiv},
  
  year = {2016},
  
  copyright = {arXiv.org perpetual, non-exclusive license}
}