@misc{anytrading,
  title = {gym-anytrading},
  howpublished = {\url{https://github.com/AminHP/gym-anytrading}},
  note = {Accessed: 2022-05-31}
}

@misc{gym,
  title = {gym-library},
  howpublished = {\url{https://www.gymlibrary.ml/}},
  note = {Accessed: 2022-05-31}
}

@book{hamilton,
    title = {Time Series Analysis},
    author = {J. D. Hamilton},
    publisher = {Princeton University Press},
    year = {1994},
    volume = {2}
}

@book{wooldridge2009introductory,
    year = {2009},
    author = {Wooldridge, Jeffrey Marc},
    title = {Introductory Econometrics: A Modern Approach},
    isbn = {9780324581621},
    publisher = {South-Western},
    series = {ISE - International Student Edition}
}

@article{yakupmelek,
    title = {Predicting direction of stock price index movement using artificial neural networks and support vector machines: The sample of the Istanbul Stock Exchange},
    journal = {Expert Systems with Applications},
    volume = {38},
    number = {5},
    pages = {5311-5319},
    year = {2011},
    issn = {0957-4174},
    doi = {https://doi.org/10.1016/j.eswa.2010.10.027},
    url = {https://www.sciencedirect.com/science/article/pii/S0957417410011711},
    author = {Yakup Kara and Melek {Acar Boyacioglu} and Ömer Kaan Baykan}
}

@article{shetaalaa,
    author = {Sheta, Alaa and Ahmed, Sara and Faris, Hossam},
    year = {2015},
    month = {07},
    pages = {55-63},
    title = {A Comparison between Regression, Artificial Neural Networks and Support Vector Machines for Predicting Stock Market Index},
    volume = {4},
    journal = {International Journal of Advanced Research in Artificial Intelligence},
    doi = {10.14569/IJARAI.2015.040710}
}

@article{huang,
    title = {Forecasting stock market movement direction with support vector machine},
    journal = {Computers & Operations Research},
    volume = {32},
    number = {10},
    pages = {2513-2522},
    year = {2005},
    note = {Applications of Neural Networks},
    issn = {0305-0548},
    doi = {https://doi.org/10.1016/j.cor.2004.03.016},
    url = {https://www.sciencedirect.com/science/article/pii/S0305054804000681},
    author = {Wei Huang and Yoshiteru Nakamori and Shou-Yang Wang}
}

@book{goodfellow,
    title={Deep Learning},
    author={Ian Goodfellow and Yoshua Bengio and Aaron Courville},
    publisher={MIT Press},
    note={\url{http://www.deeplearningbook.org}},
    year={2016}
}

@article{bollen,
    title = {Twitter mood predicts the stock market},
    journal = {Journal of Computational Science},
    volume = {2},
    number = {1},
    pages = {1-8},
    year = {2011},
    issn = {1877-7503},
    doi = {https://doi.org/10.1016/j.jocs.2010.12.007},
    url = {https://www.sciencedirect.com/science/article/pii/S187775031100007X},
    author = {Johan Bollen and Huina Mao and Xiaojun Zeng}
}

@article{headlines,
    author = { László   Nemes  and  Attila   Kiss },
    title = {Prediction of stock values changes using sentiment analysis of stock news headlines},
    journal = {Journal of Information and Telecommunication},
    volume = {1},
    pages = {1-20},
    year  = {2021},
    publisher = {Taylor & Francis},
    doi = {10.1080/24751839.2021.1874252}
}

@misc{vizdoom,
  title = {ViZDoom},
  howpublished = {\url{https://github.com/mwydmuch/ViZDoom}},
  note = {Accessed: 2022-05-31}
}

@misc{zdoom,
  title = {ZDoom},
  howpublished = {\url{https://github.com/rheit/zdoom}},
  note = {Accessed: 2022-05-31}
}

@misc{wydmuch,
  doi = {10.48550/ARXIV.1809.03470},
  
  url = {https://arxiv.org/abs/1809.03470},
  
  author = {Wydmuch, Marek and Kempka, Michał and Jaśkowski, Wojciech},
  
  keywords = {Artificial Intelligence (cs.AI), Computer Vision and Pattern Recognition (cs.CV), Machine Learning (cs.LG), Machine Learning (stat.ML), FOS: Computer and information sciences, FOS: Computer and information sciences},
  
  title = {ViZDoom Competitions: Playing Doom from Pixels},
  
  publisher = {arXiv},
  
  year = {2018},
  
  copyright = {arXiv.org perpetual, non-exclusive license}
}

@article{kempka,
  doi = {10.48550/ARXIV.1605.02097},
  
  url = {https://arxiv.org/abs/1605.02097},
  
  author = {Kempka, Michał and Wydmuch, Marek and Runc, Grzegorz and Toczek, Jakub and Jaśkowski, Wojciech},
  
  keywords = {Machine Learning (cs.LG), Artificial Intelligence (cs.AI), Computer Vision and Pattern Recognition (cs.CV), FOS: Computer and information sciences, FOS: Computer and information sciences},
  
  title = {ViZDoom: A Doom-based AI Research Platform for Visual Reinforcement Learning},
  
  publisher = {arXiv},
  
  year = {2016},
  
  copyright = {arXiv.org perpetual, non-exclusive license}
}

@misc{osimrl,
  title = {OpenSIM RL},
  howpublished = {\url{http://osim-rl.kidzinski.com/docs/home/}},
  note = {Accessed: 2022-05-31}
}